@book{martin1986data,
  title={Data Types and Data Structures},
  author={Martin, J.J.},
  isbn={9780131959835},
  lccn={lc85012373},
  series={Prentice-Hall International series in personal computing},
  url={https://books.google.ca/books?id=554ZAQAAIAAJ},
  year={1986},
  publisher={Prentice-Hall International}
}

@book{thomas1988abstract,
  title={Abstract Data Types: Their Specification, Representation, and Use},
  author={Thomas, P.G. and Robinson, H. and Emms, J.},
  isbn={9780198596639},
  lccn={88005236},
  series={Oxford applied mathematics and computing science series},
  url={https://books.google.ca/books?id=u61QAAAAMAAJ},
  year={1988},
  publisher={Clarendon Press}
}

@book{lipovaca2011learn,
  title={Learn You a Haskell for Great Good!: A Beginner's Guide},
  author={Lipovaca, M.},
  isbn={9781593272838},
  lccn={2011000790},
  series={No Starch Press Series},
  url={https://books.google.ca/books?id=R2RbBAAAQBAJ},
  year={2011},
  publisher={No Starch Press}
}

% TODO remove?
@online{haskellWikipedia,
    author={Wikipedia contributors},
    title={Type class --- Wikipedia},
    url={https://en.wikipedia.org/wiki/Type_class},
    urldate={2025-02-07},
    year={2025}
}

% TODO remove if unneeded?
% TODO should these and below software docs be contained as authors or as organizations?
@online{typeclassopedia,
    organization={HaskellWiki},
    title={Typeclassopedia --- HaskellWiki},
    url={https://wiki.haskell.org/index.php?title=Typeclassopedia},
    urldate={2025-02-07},
    year={2022}
}

@online{typeHaskellWiki,
    organization={HaskellWiki},
    title={Type --- HaskellWiki},
    url={https://wiki.haskell.org/index.php?title=Type},
    urldate={2025-02-07},
    year={2024}
}

@online{python,
    organization={Python Software Foundation},
    title={The Python Language Reference (3.13.2)},
    url={https://docs.python.org/3/reference/},
    urldate={2025-02-07},
    year={2025}
}

@manual{uml,
    organization={Object Management Group},
    title={OMG Unified Modeling Language},
    version={2.5.1},
    url={https://www.omg.org/spec/UML/2.5.1/PDF},
    urldate={2025-02-07},
    year={2017}
}

@online{agda,
    title={Welcome to Agda's documentation!},
    url={https://agda.readthedocs.io/en/v2.7.0.1/#},
    version={2.7.0.1},
    urldate={2025-02-07},
    year={2025}
}

@online{apl,
    title={LearningAPL},
    url={https://xpqz.github.io/learnapl/intro.html},
    urldate={2025-02-07},
    year={2024}
}

@online{eventB,
    title={Event-B and Rodin Documentation Wiki},
    url={https://wiki.event-b.org/index.php/Main_Page},
    urldate={2025-02-07},
    year={2024}
}

@online{dafny,
    title={The Dafny Programming and Verification Language},
    url={https://dafny.org/},
    urldate={2025-02-07},
    year={2024}
}

@online{cpp,
    title={C++ reference},
    url={https://en.cppreference.com/w/},
    urldate={2025-02-07},
    year={2024}
}

@book{rustBook,
  title={The Rust Programming Language, 2nd Edition},
  author={Klabnik, S. and Nichols, C.},
  isbn={9781718503106},
  lccn={2023287801},
  url={https://books.google.ca/books?id=SE2GEAAAQBAJ},
  year={2023},
  publisher={No Starch Press}
}

@online{rustReference,
    title={The Rust Reference},
    url={https://doc.rust-lang.org/reference/},
    urldate={2025-02-07},
    year={2024}
}

@online{typescript,
    title={Typescript Documentation},
    url={https://www.typescriptlang.org/docs/},
    urldate={2025-02-07},
    year={2024}
}

@online{typescriptBlog,
    author={Rosenwasser, D.},
    title={Announcing Typescript 5.0},
    url={https://devblogs.microsoft.com/typescript/announcing-typescript-5-0/#decorators},
    urldate={2025-02-07},
    year={2024}
}

@online{typescriptBlog2,
    author={Rauschmayer, A.},
    title={JavaScript metaprogramming with the 2022-03 decorators API},
    url={https://2ality.com/2022/10/javascript-decorators.html},
    urldate={2025-02-07},
    year={2024}
}

@article{notationForThought,
    author = {Iverson, Kenneth E.},
    title = {Notation as a tool of thought},
    year = {1980},
    issue_date = {Aug. 1980},
    publisher = {Association for Computing Machinery},
    address = {New York, NY, USA},
    volume = {23},
    number = {8},
    issn = {0001-0782},
    url = {https://doi.org/10.1145/358896.358899},
    doi = {10.1145/358896.358899},
    journal = {Commun. ACM},
    month = aug,
    pages = {444â€“465},
    numpages = {22},
    keywords = {mathematical notation, APL}
}

@online{isAplDead,
    author={Hsu, A.},
    title={Is APL Dead?},
    url={https://www.sacrideo.us/is-apl-dead/},
    urldate={2025-02-07},
    year={2020}
}
