%%%%%%%%%%%%%%%%%%%%%%%%%%%%%%%%%%%%%%
% Post-SYNT, Fall 2025 References
%%%%%%%%%%%%%%%%%%%%%%%%%%%%%%%%%%%%%%
@unpublished{metayerEventBMathLang,
    author={Métayer, Christophe and Voisin, Laurent},
    title={The Event-B Mathematical Language},
    year={2007},
    note={},
}

@article{gerhart1994ParisMetro,
  author={Gerhart, S. and Craigen, D. and Ralston, T.},
  journal={IEEE Software},
  title={Case study: Paris Metro Signaling System},
  year={1994},
  volume={11},
  number={1},
  pages={32-28},
  doi={10.1109/MS.1994.1279941}}

@misc{jones2024triemapsmatch,
      title={Triemaps that match},
      author={Simon Peyton Jones and Sebastian Graf},
      year={2024},
      eprint={2302.08775},
      archivePrefix={arXiv},
      primaryClass={cs.PL},
      url={https://arxiv.org/abs/2302.08775},
}


%%%%%%%%%%%%%%%%%%%%%%%%%%%%%%%%%%%%%%
% Candidate References for SYNT
%%%%%%%%%%%%%%%%%%%%%%%%%%%%%%%%%%%%%%
@InProceedings{SmithWestfold20GeneratingTypeRefinements,
author="Smith, Douglas R.
and Westfold, Stephen J.",
editor="Sekerinski, Emil
and Moreira, Nelma
and Oliveira, Jos{\'e} N.
and Ratiu, Daniel
and Guidotti, Riccardo
and Farrell, Marie
and Luckcuck, Matt
and Marmsoler, Diego
and Campos, Jos{\'e}
and Astarte, Troy
and Gonnord, Laure
and Cerone, Antonio
and Couto, Luis
and Dongol, Brijesh
and Kutrib, Martin
and Monteiro, Pedro
and Delmas, David",
title="Transformations for Generating Type Refinements",
booktitle="Formal Methods. FM 2019 International Workshops",
year="2020",
publisher="Springer International Publishing",
address="Cham",
pages="371--387",
doi={10.1007/978-3-030-54997-8_24}
}

@article{spivey1989birthday,
    author = {Spivey, J. M.},
    title = {An introduction to Z and formal specifications},
    year = {1989},
    issue_date = {January 1989},
    publisher = {Michael Faraday House},
    address = {GBR},
    volume = {4},
    number = {1},
    doi = {10.1049/sej.1989.0006},
    journal = {Softw. Eng. J.},
    month = jan,
    pages = {40-50},
    numpages = {11}
}

@book{gries1993logical,
    title={A Logical Approach to Discrete Math},
    author={Gries, D. and Schneider, F.B.},
    series={Monographs in Computer Science},
    doi={10.1007/978-1-4757-3837-7},
    year={1993},
    publisher={Springer New York}
}

@article{elco1998building,
    author = {Visser, Eelco and Benaissa, Zine-el-Abidine and Tolmach, Andrew},
    title = {Building program optimizers with rewriting strategies},
    year = {1998},
    publisher = {Association for Computing Machinery},
    address = {New York, NY, USA},
    volume = {34},
    number = {1},
    doi = {10.1145/291251.289425},
    journal = {SIGPLAN Not.},
    month = {09},
    pages = {13–26},
    numpages = {14}
}

@book{baader1998term,
    author = {Baader, Franz and Nipkow, Tobias},
    title = {Term Rewriting and All That},
    year = {1998},
    publisher = {Cambridge University Press},
    doi = {10.1017/CBO9781139172752},
}

@incollection{broy1987introduction,
    location = {Berlin, Heidelberg},
    title = {An Introduction to the Theory of Lists},
    pages = {5--42},
    booktitle = {Logic of Programming and Calculi of Discrete Design},
    publisher = {Springer Berlin Heidelberg},
    author = {Bird, Richard S.},
    editor = {Broy, Manfred},
    urldate = {2025-05-11},
    date = {1987},
    langid = {english},
    doi = {10.1007/978-3-642-87374-4_1},
}

%%%%%%%%%%%%%%%%%%%%%%%%%%%%%%%%%%%%%%
% New References (between 4Z03 Project 3 and SYNT - also candidates for SYNT)
%%%%%%%%%%%%%%%%%%%%%%%%%%%%%%%%%%%%%%
@unpublished{cunha2025practical,
    author = {Cunha, Alcino and Macedo, Nuno and Brunel, Julien and Chemouil, David},
    title = {Practical Alloy},
    url={https://practicalalloy.github.io/index.html},
    year={2025},
    month={02},
    note={}
}

@article{jackson2019alloy,
    author = {Jackson, Daniel},
    title = {Alloy: a language and tool for exploring software designs},
    year = {2019},
    publisher = {Association for Computing Machinery},
    address = {New York, NY, USA},
    volume = {62},
    number = {9},
    doi = {10.1145/3338843},
    journal = {Commun. ACM},
    month = {08},
    pages = {66–76},
    numpages = {11}
}

@unpublished{robinson2014concise,
    author = {Robinson, Ken},
    title = {A Concise Summary of the Event-B mathematical toolkit },
    url={https://wiki.event-b.org/images/EventB-Summary.pdf},
    year={2014},
    month={01},
    note={}
}

%%%%%%%%%%%%%%%%%%%%%%%%%%%%%%%%%%%%%%
% References from ADT Survey
%%%%%%%%%%%%%%%%%%%%%%%%%%%%%%%%%%%%%%
@book{martin1986data,
  title={Data Types and Data Structures},
  author={Martin, J.J.},
  series={Prentice-Hall International series in personal computing},
  year={1986},
  publisher={Prentice-Hall International}
}

@book{thomas1988abstract,
  title={Abstract Data Types: Their Specification, Representation, and Use},
  author={Thomas, P.G. and Robinson, H. and Emms, J.},
  series={Oxford applied mathematics and computing science series},
  year={1988},
  publisher={Clarendon Press}
}

@book{lipovaca2011learn,
  title={Learn You a Haskell for Great Good!: A Beginner's Guide},
  author={Lipovaca, M.},
  series={No Starch Press Series},
  year={2011},
  publisher={No Starch Press}
}

@online{pythonReference,
    organization={Python Software Foundation},
    title={The Python Language Reference (3.13.2)},
    url={https://docs.python.org/3/reference/},
    urldate={2025-02-07},
    year={2025}
}

@manual{uml,
    organization={Object Management Group},
    title={OMG Unified Modeling Language},
    version={2.5.1},
    url={https://www.omg.org/spec/UML/2.5.1/PDF},
    urldate={2025-02-07},
    year={2017}
}

@online{agda,
    title={Welcome to Agda's documentation!},
    url={https://agda.readthedocs.io/en/v2.7.0.1/#},
    version={2.7.0.1},
    urldate={2025-02-07},
    year={2025}
}

@online{apl,
    title={LearningAPL},
    url={https://xpqz.github.io/learnapl/intro.html},
    urldate={2025-02-07},
    year={2024}
}

@book{abrial2010modeling,
    title = {Modeling in Event-B: system and software engineering},
    author = {Abrial, Jean-Raymond},
    publisher = {Cambridge University Press},
    year = {2010},
}

@book{leino2023program,
    title = {Program Proofs},
    author = {Leino, Rustan},
    publisher = {MIT Press},
    year = {2023},
}

@online{dafnyRef,
    title={Dafny Reference Manual},
    url={https://dafny.org/latest/DafnyRef/DafnyRef},
    urldate={2025-02-13},
    year={2025}
}

@online{cpp,
    title={C++ reference},
    url={https://en.cppreference.com/w/},
    urldate={2025-02-07},
    year={2024}
}

@book{klabnik2023rust,
  title={The Rust Programming Language, 2nd Edition},
  author={Klabnik, S. and Nichols, C.},
  url={https://doc.rust-lang.org/book/},
  year={2023},
  publisher={No Starch Press}
}

@online{typescript,
    title={Typescript Documentation},
    url={https://www.typescriptlang.org/docs/},
    urldate={2025-02-07},
    year={2024}
}

@article{iverson1980notation,
    author = {Iverson, Kenneth E.},
    title = {Notation as a tool of thought},
    year = {1980},
    publisher = {Association for Computing Machinery},
    address = {New York, NY, USA},
    volume = {23},
    number = {8},
    doi = {10.1145/358896.358899},
    journal = {Commun. ACM},
    month = {08},
    pages = {444–465},
    numpages = {22},
}

@online{hsu2020apl,
    author={Hsu, A.},
    title={Is APL Dead?},
    url={https://www.sacrideo.us/is-apl-dead/},
    urldate={2025-02-07},
    year={2020}
}

@online{turon2017rust,
    author={Turon, A.},
    title={Rust's language ergonomics initiative},
    url={https://blog.rust-lang.org/2017/03/02/lang-ergonomics.html},
    urldate={2025-02-07},
    year={2017}
}

@inproceedings{digrazia2022evolution,
    author = {Di Grazia, Luca and Pradel, Michael},
    title = {The evolution of type annotations in python: an empirical study},
    year = {2022},
    publisher = {Association for Computing Machinery},
    address = {New York, NY, USA},
    doi = {10.1145/3540250.3549114},
    booktitle = {Proceedings of the 30th ACM Joint European Software Engineering Conference and Symposium on the Foundations of Software Engineering},
    pages = {209–220},
    numpages = {12},
    location = {Singapore, Singapore},
    series = {ESEC/FSE 2022}
}

@incollection{leino2009specification,
  title={Specification and verification of object-oriented software},
  author={Leino, K Rustan M},
  booktitle={Engineering Methods and Tools for Software Safety and Security},
  pages={231--266},
  year={2009},
  publisher={IOS Press}
}

%%%%%%%%%%%%%%%%%%%%%%%%%%%%%%%%%%%%%%
% References from Rewriting Survey
%%%%%%%%%%%%%%%%%%%%%%%%%%%%%%%%%%%%%%
@book{cooke1998constructing,
  title={Constructing Correct Software: The Basics},
  author={Cooke, John},
  year={1998},
  publisher={Springer},
  doi={10.1007/b138515},
}

% TODO remove?
@inproceedings{buchberger1996mathematica,
  title={Mathematica as a rewrite language},
  author={Buchberger, Bruno},
  booktitle={Proceedings of the 2nd Fuji International Workshop on Functional and Logic Programming},
  pages={1--13},
  year={1996},
  organization={World Scientific},
  url={https://www.researchgate.net/publication/243768023_Mathematica_as_a_Rewrite_Language}
}

@online{spoofax,
  title={Strategic Rewriting},
  url={https://spoofax.dev/background/stratego/strategic-rewriting/strategic-rewriting/},
  urldate={2025-03-14},
  year={2023}
}

@article{van2003term,
  author = {van den Brand, Mark G. J. and Klint, Paul and Vinju, Jurgen J.},
  title = {Term rewriting with traversal functions},
  year = {2003},
  publisher = {Association for Computing Machinery},
  address = {New York, NY, USA},
  volume = {12},
  number = {2},
  doi = {10.1145/941566.941568},
  journal = {ACM Trans. Softw. Eng. Methodol.},
  month = {04},
  pages = {152–190},
  numpages = {39},
}

@phdthesis{paraskevopoulou2020verified,
  title={Verified Optimizations for Functional Languages},
  author={Paraskevopoulou, Zoe},
  year={2020},
  school={Princeton University},
  url={https://dataspace.princeton.edu/handle/88435/dsp01pr76f648c}
}

@inproceedings{kop2013term,
  title={Term rewriting with logical constraints},
  author={Kop, Cynthia and Nishida, Naoki},
  booktitle={International Symposium on Frontiers of Combining Systems},
  pages={343--358},
  year={2013},
  organization={Springer},
  doi={10.1007/978-3-642-40885-4_24}
}

@article{toyama1988commutativity,
  title={Commutativity of term rewriting systems},
  author={Toyama, Yoshihito},
  journal={Programming of future generation computers II},
  pages={393--407},
  year={1988},
  url={https://citeseerx.ist.psu.edu/document?repid=rep1&type=pdf&doi=7046f12ef6e51e9c02d75d9b986532e45eb31513}
}

@online{brown2011architecture,
  title={The Architecture of Open Source Applications (Volume 2)
The Glasgow Haskell Compiler},
  author={Marlow, Simon and Peyton-Jones, Simon},
  % series={The Architecture of Open Source Applications},
  url={https://aosabook.org/en/v2/ghc.html},
  year={2012},
}

@inproceedings{peytonjones2001playing,
  author = {Peyton Jones, Simon and Tolmach, Andrew and Hoare, Tony},
  title = {Playing by the rules: rewriting as a practical optimisation technique in GHC},
  organization = {ACM SIGPLAN},
  booktitle = {2001 Haskell Workshop},
  year = {2001},
  month = {09},
  %url = {https://www.microsoft.com/en-us/research/publication/playing-by-the-rules-rewriting-as-a-practical-optimisation-technique-in-ghc/},
}

@article{visser2001Survey,
    title = {A Survey of Rewriting Strategies in Program Transformation Systems},
    journal = {Electronic Notes in Theoretical Computer Science},
    volume = {57},
    pages = {109-143},
    year = {2001},
    note = {WRS 2001, 1st International Workshop on Reduction Strategies in Rewriting and Programming},
    doi = {10.1016/S1571-0661(04)00270-1},
    author = {Eelco Visser},
}

@MastersThesis{lattner2002llvm,
  author  = {Chris Lattner},
  title   = {LLVM: An Infrastructure for Multi-Stage Optimization},
  school  = {Computer Science Dept., University of Illinois at Urbana-Champaign},
  year    = {2002},
  address = {Urbana, IL},
  month   = {12},
  url = {https://www.llvm.org/pubs/2002-12-LattnerMSThesis-book.pdf}
}

@misc{hall2024scheduling,
  title={Scheduling Languages: A Past, Present, and Future Taxonomy},
  author={Mary Hall and Cosmin Oancea and Anne C. Elster and Ari Rasch and Sameeran Joshi and Amir Mohammad Tavakkoli and Richard Schulze},
  year={2024},
  eprint={2410.19927},
  archivePrefix={arXiv},
  primaryClass={cs.PL},
  url={https://arxiv.org/abs/2410.19927},
}

@article{vanwijngaarden2004program,
    author = {van Wijngaarden, Jonne and Visser, Eelco},
    year = {2004},
    month = {03},
    title = {Program Transformation Mechanics: A classification of Mechanisms for Program Transformation with a Survey of Existing Transformation Systems},
    url = {https://www.researchgate.net/publication/2913394_Program_Transformation_Mechanics_A_classification_of_Mechanisms_for_Program_Transformation_with_a_Survey_of_Existing_Transformation_Systems}
}

@article{bravenboer2008stratego,
    title = {Stratego/XT 0.17. A language and toolset for program transformation},
    journal = {Science of Computer Programming},
    volume = {72},
    number = {1},
    pages = {52-70},
    year = {2008},
    note = {Special Issue on Second issue of experimental software and toolkits (EST)},
    doi = {10.1016/j.scico.2007.11.003},
    author = {Martin Bravenboer and Karl Trygve Kalleberg and Rob Vermaas and Eelco Visser},
}


@InProceedings{bravenboer2002rewriting,
  author={Bravenboer, Martin and Visser, Eelco},
  title={Rewriting Strategies for Instruction Selection},
  booktitle={Rewriting Techniques and Applications},
  year={2002},
  publisher={Springer Berlin Heidelberg},
  address={Berlin, Heidelberg},
  pages={237--251},
}

@inproceedings{tate2009equality,
  author = {Tate, Ross and Stepp, Michael and Tatlock, Zachary and Lerner, Sorin},
  title = {Equality saturation: a new approach to optimization},
  year = {2009},
  publisher = {Association for Computing Machinery},
  address = {New York, NY, USA},
  doi = {10.1145/1480881.1480915},
  booktitle = {Proceedings of the 36th Annual ACM SIGPLAN-SIGACT Symposium on Principles of Programming Languages},
  pages = {264-276},
  numpages = {13},
  location = {Savannah, GA, USA},
  series = {POPL '09}
}

@article{nandi2021rewrite,
  author = {Nandi, Chandrakana and Willsey, Max and Zhu, Amy and Wang, Yisu Remy and Saiki, Brett and Anderson, Adam and Schulz, Adriana and Grossman, Dan and Tatlock, Zachary},
  title = {Rewrite rule inference using equality saturation},
  year = {2021},
  issue_date = {October 2021},
  publisher = {Association for Computing Machinery},
  address = {New York, NY, USA},
  volume = {5},
  number = {OOPSLA},
  doi = {10.1145/3485496},
  journal = {Proc. ACM Program. Lang.},
  month = {10},
  articleno = {119},
  numpages = {28},
}

@article{bravecevac2023graph,
  author = {Bra\v{c}evac, Oliver and Wei, Guannan and Jia, Songlin and Abeysinghe, Supun and Jiang, Yuxuan and Bao, Yuyan and Rompf, Tiark},
  title = {Graph IRs for Impure Higher-Order Languages: Making Aggressive Optimizations Affordable with Precise Effect Dependencies},
  year = {2023},
  issue_date = {October 2023},
  publisher = {Association for Computing Machinery},
  address = {New York, NY, USA},
  volume = {7},
  number = {OOPSLA2},
  doi = {10.1145/3622813},
  journal = {Proc. ACM Program. Lang.},
  month = {10},
  articleno = {236},
  numpages = {31},
}

@article{hagedorn2020achieving,
  author = {Hagedorn, Bastian and Lenfers, Johannes and Kundefinedhler, Thomas and Qin, Xueying and Gorlatch, Sergei and Steuwer, Michel},
  title = {Achieving high-performance the functional way: a functional pearl on expressing high-performance optimizations as rewrite strategies},
  year = {2020},
  issue_date = {August 2020},
  publisher = {Association for Computing Machinery},
  address = {New York, NY, USA},
  volume = {4},
  number = {ICFP},
  doi = {10.1145/3408974},
  journal = {Proc. ACM Program. Lang.},
  month = {8},
  articleno = {92},
  numpages = {29},
}
@inbook{winter2008program,
  author       = {Victor L. Winter},
  title        = {Program Transformation: What, How, and Why},
  booktitle    = {Wiley Encyclopedia of Computer Science and Engineering},
  publisher    = {John Wiley {\&} Sons, Inc.},
  year         = {2008},
  url          = {https://doi.org/10.1002/9780470050118.ecse330},
  doi          = {10.1002/9780470050118.ECSE330},
}

@inproceedings{smits2022pattern,
  author = {Smits, Jeff and Hartman, Toine and Cockx, Jesper},
  title = {Optimising First-Class Pattern Matching},
  year = {2022},
  publisher = {Association for Computing Machinery},
  address = {New York, NY, USA},
  doi = {10.1145/3567512.3567519},
  booktitle = {Proceedings of the 15th ACM SIGPLAN International Conference on Software Language Engineering},
  pages = {74-83},
  numpages = {10},
  location = {Auckland, New Zealand},
  series = {SLE 2022}
}

@inproceedings{lacey2001imperative,
  author = {Lacey, David and Moor, Oege de},
  title = {Imperative Program Transformation by Rewriting},
  year = {2001},
  url = {https://citeseerx.ist.psu.edu/document?repid=rep1&type=pdf&doi=2836d42b58370b363edbbb9956387361870ec3ac},
  publisher = {Springer-Verlag},
  address = {Berlin, Heidelberg},
  booktitle = {Proceedings of the 10th International Conference on Compiler Construction},
  pages = {52-68},
  numpages = {17},
  series = {CC '01}
}

%%%%%%%%%%%%%%%%%%%%%%%%%%%%%%%%%%%%%%
% References from 4Z03 Implementation
%%%%%%%%%%%%%%%%%%%%%%%%%%%%%%%%%%%%%%
@online{microsoftSQL,
    title={Query processing architecture guide},
    url={https://learn.microsoft.com/en-us/sql/relational-databases/query-processing-architecture-guide?view=sql-server-ver16},
    urldate={2025-04-30},
    year={2025},
    }
