
@book{baader1998term,
author = {Baader, Franz and Nipkow, Tobias},
title = {Term Rewriting and All That},
year = {1998},
publisher = {Cambridge University Press},
doi = {10.1017/CBO9781139172752},
% isbn = {0521455200},
% lccn={97028286},
% isbn={9780521779203},
% 10.5555/280474,
}

@book{cooke1998constructing,
  title={Constructing Correct Software: The Basics},
  author={Cooke, John},
  year={1998},
  publisher={Springer},
  doi={10.1007/b138515},
  % isbn={9783540761563},
  % lccn={97026050},
}

@article{elco1998building,
author = {Visser, Eelco and Benaissa, Zine-el-Abidine and Tolmach, Andrew},
title = {Building program optimizers with rewriting strategies},
year = {1998},
issue_date = {Jan. 1999},
publisher = {Association for Computing Machinery},
address = {New York, NY, USA},
volume = {34},
number = {1},
issn = {0362-1340},
% url = {https://doi.org/10.1145/291251.289425},
doi = {10.1145/291251.289425},
journal = {SIGPLAN Not.},
% month = {September},
pages = {13–26},
numpages = {14}
}

@inproceedings{buchberger1996mathematica,
  title={Mathematica as a rewrite language},
  author={Buchberger, Bruno},
  booktitle={Proceedings of the 2nd Fuji International Workshop on Functional and Logic Programming},
  pages={1--13},
  year={1996},
  organization={World Scientific},
  url={https://www.researchgate.net/publication/243768023_Mathematica_as_a_Rewrite_Language}
}

@article{mircea2004rule,
title = {Rule-Based Programming with Mathematica},
author = {Marin, Mircea and Piroi, Florina},
year = {2004},
month = {05},
url={https://www.ricam.oeaw.ac.at/files/reports/04/rep04-03.pdf}
}

@online{catln,
    author={Kimberg, Zach},
    title={Catln Language Summary},
    url={https://catln.dev/},
    urldate={2025-03-14},
    year={2025}
}

@online{meander,
    author={Miller, Jeremy},
    title={Introduction to Term Rewriting with Meander},
    url={https://jimmyhmiller.github.io/meander-rewriting},
    urldate={2025-03-14},
    year={2023}
}

@online{pure,
    author={Graf, Albert},
    title={The Pure Manual},
    url={https://agraef.github.io/pure-docs/pure.html?highlight=term%20rewriting},
    urldate={2025-03-14},
    year={2020}
}

@online{spoofax,
    title={Strategic Rewriting},
    url={https://spoofax.dev/background/stratego/strategic-rewriting/strategic-rewriting/},
    urldate={2025-03-14},
    year={2023}
}

@book{thomas1971catalogue,
  title={A Catalogue of Optimizing Transformations},
  author={Allen, Frances E. and Cocke, John},
  url={https://www.clear.rice.edu/comp512/Lectures/Papers/1971-allen-catalog.pdf},
  year={1971},
  publisher={IBM Thomas J. Watson Research Center}
}

@inproceedings{hills2011case,
  title={A case of visitor versus interpreter pattern},
  author={Hills, Mark and Klint, Paul and Van Der Storm, Tijs and Vinju, Jurgen},
  booktitle={International Conference on Modelling Techniques and Tools for Computer Performance Evaluation},
  pages={228--243},
  year={2011},
  organization={Springer},
  url={https://homepages.cwi.nl/~storm/publications/visitor.pdf}
}

@article{van2003term,
author = {van den Brand, Mark G. J. and Klint, Paul and Vinju, Jurgen J.},
title = {Term rewriting with traversal functions},
year = {2003},
issue_date = {April 2003},
publisher = {Association for Computing Machinery},
address = {New York, NY, USA},
volume = {12},
number = {2},
% issn = {1049-331X},
doi = {10.1145/941566.941568},
journal = {ACM Trans. Softw. Eng. Methodol.},
month = apr,
pages = {152–190},
numpages = {39},
}


@book{paraskevopoulou2020verified,
  title={Verified Optimizations for Functional Languages},
  author={Paraskevopoulou, Zoe},
  year={2020},
  publisher={Princeton University},
  url={https://dataspace.princeton.edu/handle/88435/dsp01pr76f648c}
}

@inproceedings{kop2013term,
  title={Term rewriting with logical constraints},
  author={Kop, Cynthia and Nishida, Naoki},
  booktitle={International Symposium on Frontiers of Combining Systems},
  pages={343--358},
  year={2013},
  organization={Springer},
  doi={10.1007/978-3-642-40885-4_24}
}

@article{toyama1988commutativity,
  title={Commutativity of term rewriting systems},
  author={Toyama, Yoshihito},
  journal={Programming of future generation computers II},
  pages={393--407},
  year={1988},
  url={https://citeseerx.ist.psu.edu/document?repid=rep1&type=pdf&doi=7046f12ef6e51e9c02d75d9b986532e45eb31513}
}

@online{brown2011architecture,
  title={The Architecture of Open Source Applications (Volume 2)
The Glasgow Haskell Compiler},
  author={Marlow, Simon and Peyton-Jones, Simon},
  % series={The Architecture of Open Source Applications},
  url={https://aosabook.org/en/v2/ghc.html},
  year={2012},
}

@inproceedings{peytonjones2001playing,
author = {Peyton Jones, Simon and Tolmach, Andrew and Hoare, Tony},
title = {Playing by the rules: rewriting as a practical optimisation technique in GHC},
organization = {ACM SIGPLAN},
booktitle = {2001 Haskell Workshop},
year = {2001},
% month = {9},
url = {https://www.microsoft.com/en-us/research/publication/playing-by-the-rules-rewriting-as-a-practical-optimisation-technique-in-ghc/},
edition = {2001 Haskell Workshop},
}
