# TODO cite these properly:
# https://github.com/google/guava/blob/master/guava/src/com/google/common/collect/HashBiMap.java
#   - https://github.com/google/guava/wiki/NewCollectionTypesExplained#bimap
# maybe https://stackoverflow.com/questions/3318625/how-to-implement-an-efficient-bidirectional-hash-table
# https://www.geeksforgeeks.org/open-addressing-collision-handling-technique-in-hashing/
#   - https://stackoverflow.com/questions/21595048/how-python-dict-stores-key-value-when-collision-occurs
# spivey1989birthday
# pythonDictImplementation: https://github.com/python/cpython/blob/main/Objects/dictobject.c
# boostBimap1: https://www.boost.org/doc/libs/1_85_0/libs/bimap/doc/html/boost_bimap/one_minute_tutorial.html
# boostBimap2: https://theboostcpplibraries.com/boost.bimap
# bimapStackOverflow: https://stackoverflow.com/questions/21760343/is-there-a-more-efficient-implementation-for-a-bidirectional-map
# sortedIntersectionStackOverflow: https://stackoverflow.com/questions/40527584/what-is-the-fastest-algorithm-for-intersection-of-two-sorted-lists
# griesAndSchneider
# pythonGrammar: https://docs.python.org/3/reference/grammar.html