@online{microsoftSQL,
    title={Query processing architecture guide},
    url={https://learn.microsoft.com/en-us/sql/relational-databases/query-processing-architecture-guide?view=sql-server-ver16},
    urldate={2025-04-30},
    year={2025},
    }
@online{haskellIntersect,
    title={Core data structures and operations - Data.List},
    url={https://hackage.haskell.org/package/base-4.21.0.0/docs/Data-List.html#v:intersect},
    urldate={2025-04-30},
    year={2025},
}@online{llvmSetDocs,
title={LLVM Programmer's Manual},
url={https://llvm.org/docs/ProgrammersManual.html#ds-set},
urldate={2025-04-30},
year={2025},
}@online{llvmliteLib,
title={LLVMLite: A lightweight LLVM python binding for writing JIT compilers},
url={https://github.com/python/cpython/blob/main/Objects/dictobject.c},
urldate={2025-04-30},
year={2025},
}
@article{spivey1989birthday,
author = {Spivey, J. M.},
title = {An introduction to Z and formal specifications},
year = {1989},
issue_date = {January 1989},
publisher = {Michael Faraday House},
address = {GBR},
volume = {4},
number = {1},
% issn = {0268-6961},
doi = {10.1049/sej.1989.0006},
journal = {Softw. Eng. J.},
month = jan,
pages = {40-50},
numpages = {11}
}
@online{pythonDictImplementation,
    title={Python/cpython: dictobject.c},
    url={https://github.com/python/cpython/blob/main/Objects/dictobject.c},
    urldate={2025-04-27},
    year={2025},
}
@online{boostBimap1,
    title={Boost C++ Libraries: Boost.Bimap},
    author={Matias Capeletto},
    url={https://www.boost.org/doc/libs/1_85_0/libs/bimap/doc/html/index.html},
    urldate={2025-04-27},
    year={2012},
}
@online{boostBimap2,
    title={The Boost C++ Libraries: Chapter 13. Boost.Bimap},
    author={Boris Schaling},
    url={https://theboostcpplibraries.com/boost.bimap},
    urldate={2025-04-27},
    year={2025},
}
@online{bimapStackOverflow,
    title={Is there a more efficient implementation for a bidirectional map?},
    publisher={Stack Overflow},
    url={https://stackoverflow.com/questions/21760343/is-there-a-more-efficient-implementation-for-a-bidirectional-map},
    urldate={2025-04-27},
    year={2019},
}

@book{griesAndSchneider,
  title={A Logical Approach to Discrete Math},
  author={Gries, D. and Schneider, F.B.},
%   lccn={lc93027848},
  series={Monographs in Computer Science},
  doi={10.1007/978-1-4757-3837-7},
  year={1993},
  publisher={Springer New York}
}

@online{pythonGrammar,
    title={Python 3.13 Reference: Full Grammar specification},
    publisher={Python Software Foundation},
    url={https://docs.python.org/3/reference/grammar.html},
    urldate={2025-04-27},
    year={2025},
}
@online{lark,
    title={Lark-Parser/lark},
    publisher={GitHub},
    url={https://github.com/lark-parser/lark},
    urldate={2025-04-27},
    year={2025},
}
@online{haskellCore,
  title={The Architecture of Open Source Applications (Volume 2) The Glasgow Haskell Compiler},
  author={Marlow, Simon and Peyton-Jones, Simon},
  % series={The Architecture of Open Source Applications},
  url={https://aosabook.org/en/v2/ghc.html},
  year={2012},
}
@article{elco1998building,
author = {Visser, Eelco and Benaissa, Zine-el-Abidine and Tolmach, Andrew},
title = {Building program optimizers with rewriting strategies},
year = {1998},
issue_date = {Jan. 1999},
publisher = {Association for Computing Machinery},
address = {New York, NY, USA},
volume = {34},
number = {1},
issn = {0362-1340},
% url = {https://doi.org/10.1145/291251.289425},
doi = {10.1145/291251.289425},
journal = {SIGPLAN Not.},
% month = {September},
pages = {13â€“26},
numpages = {14}
}
@book{baader1998term,
author = {Baader, Franz and Nipkow, Tobias},
title = {Term Rewriting and All That},
year = {1998},
publisher = {Cambridge University Press},
doi = {10.1017/CBO9781139172752},
% isbn = {0521455200},
% lccn={97028286},
% isbn={9780521779203},
% 10.5555/280474,
}