@misc{hunt2021information,
    title={Information Encoding and Traceability in Software. Drasil - Generate All the Things!},
    author={Hunt, Anthony and Carette, Jacques and Smith, Spencer},
    year={2021},
    month={08},
    % institution={McMaster University},
    note={Annual Undergraduate Student Research Poster Showcase at McMaster University},
}
@inproceedings{hunt2024memautogui,
    author={Hunt, Anthony and Hosseiny, Hamid},
    title={MemAutoGUI: An Enhanced Automation Approach for Accelerated Validation Focused on Usability},
    publisher={Intel},
    booktitle={Design and Test Technology Conference},
    year={2024},
    month={05},
    note={Pages: 10}
}
@unpublished{hunt2025generating,
    author={Hunt, Anthony and Sekerinski, Emil},
    title={Generating Implementations of Data Type Operations},
    note={Workshop on Synthesis (co-located with the International Conference on Computer Aided Verification). Pages: 3},
    year={2025},
    month={05},
}
@article{elco1998building,
author = {Visser, Eelco and Benaissa, Zine-el-Abidine and Tolmach, Andrew},
title = {Building program optimizers with rewriting strategies},
year = {1998},
issue_date = {Jan. 1999},
publisher = {Association for Computing Machinery},
address = {New York, NY, USA},
volume = {34},
number = {1},
% issn = {0362-1340},
% url = {https://doi.org/10.1145/291251.289425},
doi = {10.1145/291251.289425},
journal = {SIGPLAN Not.},
% month = {September},
pages = {13â€“26},
numpages = {14}
}

@book{griesAndSchneider,
  title={A Logical Approach to Discrete Math},
  author={Gries, D. and Schneider, F.B.},
%   lccn={lc93027848},
  series={Monographs in Computer Science},
  doi={10.1007/978-1-4757-3837-7},
  year={1993},
  publisher={Springer New York}
}

@inproceedings{tate2009equality,
author = {Tate, Ross and Stepp, Michael and Tatlock, Zachary and Lerner, Sorin},
title = {Equality saturation: a new approach to optimization},
year = {2009},
publisher = {Association for Computing Machinery},
address = {New York, NY, USA},
doi = {10.1145/1480881.1480915},
booktitle = {Proceedings of the 36th Annual ACM SIGPLAN-SIGACT Symposium on Principles of Programming Languages},
pages = {264-276},
numpages = {13},
location = {Savannah, GA, USA},
series = {POPL '09}
}

@article{spivey1989birthday,
author = {Spivey, J. M.},
title = {An introduction to Z and formal specifications},
year = {1989},
issue_date = {January 1989},
publisher = {Michael Faraday House},
address = {GBR},
volume = {4},
number = {1},
% issn = {0268-6961},
doi = {10.1049/sej.1989.0006},
journal = {Softw. Eng. J.},
month = {01},
pages = {40-50},
numpages = {11}
}

@book{baader1998term,
author = {Baader, Franz and Nipkow, Tobias},
title = {Term Rewriting and All That},
year = {1998},
publisher = {Cambridge University Press},
doi = {10.1017/CBO9781139172752},
% isbn = {0521455200},
% lccn={97028286},
% isbn={9780521779203},
% 10.5555/280474,
}

@book{eventBBook,
    address = {Cambridge},
    booktitle = {Modeling in Event-B : system and software engineering},
    author = {Abrial, Jean-Raymond},
    publisher = {Cambridge University Press},
    title = {Modeling in Event-B : system and software engineering },
    year = {2010},
    keywords = {Formal methods (Computer science) ; B method (Computer science) ; Computer science -- Mathematical models ; Computer systems -- Verification},
}